@techreport{chase2019signal,
  title={The Signal Private Group System and Anonymous Credentials Supporting Efficient Verifiable Encryption},
  author={Chase, Melissa and Perrin, Trevor and Zaverucha, Greg},
  year={2019},
  institution={Cryptology ePrint Archive, Report 2019/1416}
}

@inproceedings{chaum1983blind,
  title={Blind signatures for untraceable payments},
  author={Chaum, David},
  booktitle={Advances in cryptology},
  pages={199--203},
  year={1983},
  organization={Springer}
}

@online{mizrahi2013blind,
    title  = "coin mixing using Chaum's blind signatures",
    author = {Mizrahi, Alex},
    year   = {2013},
    url    = "https://bitcointalk.org/index.php?topic=150681.0",
    urldate={2020-05-01},
}

@online{maxwell2013coinjoin,
    title  = {CoinJoin: Bitcoin privacy for the real world},
    author = {Maxwell, Greg},
    year   = {2013},
    url    = "https://bitcointalk.org/index.php?topic=279249.0",
    urldate={2020-05-01},
}

@online{maxwell2016confidential,
    title  = {Confidential Transactions},
    author = {Maxwell, Greg},
    year   = {2016},
    url    = "https://web.archive.org/web/20200502151159/https://people.xiph.org/~greg/confidential_values.txt",
    urldate={2020-05-01},
}

@inproceedings{chase2014algebraic,
author = {Chase, Melissa and Meiklejohn, Sarah and Zaverucha, Greg},
title = {Algebraic MACs and Keyed-Verification Anonymous Credentials},
year = {2014},
isbn = {9781450329576},
publisher = {Association for Computing Machinery},
address = {New York, NY, USA},
url = {https://doi.org/10.1145/2660267.2660328},
doi = {10.1145/2660267.2660328},
booktitle = {Proceedings of the 2014 ACM SIGSAC Conference on Computer and Communications Security},
pages = {12051216},
numpages = {12},
keywords = {mac, anonymity, anonymous credentials},
location = {Scottsdale, Arizona, USA},
series = {CCS â€™14}
}

@inproceedings{maurer2017anonymous,
  title={Anonymous CoinJoin transactions with arbitrary values},
  author={Maurer, Felix Konstantin and Neudecker, Till and Florian, Martin},
  booktitle={2017 IEEE Trustcom/BigDataSE/ICESS},
  pages={522--529},
  year={2017},
  organization={IEEE}
}

@online{zerolink,
    title={ZeroLink: The Bitcoin Fungibility Framework},
    author={Ficsor, Adam and TDevD},
    year={2017},
    url="https://github.com/nopara73/ZeroLink",
    urldate={2020-05-01}
}

@online{cashfusion,
    title={CashFusion},
    author={Fyookball, Jonald and Lundeberg, Mark B.},
    year={2019},
    url="https://github.com/cashshuffle/spec",
    urldate={2020-05-01},
}

@inproceedings{bunz2018bulletproofs,
  title={Bulletproofs: Short proofs for confidential transactions and more},
  author={B{\"u}nz, Benedikt and Bootle, Jonathan and Boneh, Dan and Poelstra, Andrew and Wuille, Pieter and Maxwell, Greg},
  booktitle={2018 IEEE Symposium on Security and Privacy (SP)},
  pages={315--334},
  year={2018},
  organization={IEEE}
}
