@techreport{chase2019signal,
  title={The Signal Private Group System and Anonymous Credentials Supporting Efficient Verifiable Encryption},
  author={Chase, Melissa and Perrin, Trevor and Zaverucha, Greg},
  year={2019},
  institution={Cryptology ePrint Archive, Report 2019/1416}
}

@inproceedings{chaum1983blind,
  title={Blind signatures for untraceable payments},
  author={Chaum, David},
  booktitle={Advances in cryptology},
  pages={199--203},
  year={1983},
  organization={Springer}
}